@book{mclean2011,
	title = {An introduction to Greek epigraphy of the Hellenistic and Roman periods from Alexander the Great down to the reign of Constantine (323 B.C. - A.D. 337)},
	author = {McLean, Bradley H.},
	year = {2011},
	date = {2011},
	publisher = {University of Michigan Press},
	address = {Ann Arbor, Mich},
	langid = {eng grc}
}
