@inbook{Panayotou_2015,
  address={Cambridge, UK},
  edition={4th},
  title={Ionic and Attic},
  volume={1},
  ISBN={978-1-107-12323-6},
  booktitle={A History of Ancient Greek from the Beginnings to Late Antiquity},
  publisher={Cambridge University Press},
  author={Panayotou, A.},
  editor={Christidis, A.-F.},
  translator={Markham, Chris},
  year={2015},
  pages={405–416},
  language={English},
  keywords={ref}
}


@inbook{karali2015,
  booktitle = {A History of Ancient Greek from the Beginnings to Late Antiquity},
	title = {The Classification of the Ancient Greek Dialects},
	author = {Karali, M.},
	editor = {Christidis, {A. -F.}},
	year = {2015},
	date = {2015},
	publisher = {Cambridge University Press},
	pages = {387--394},
	volume = {1},
	edition = {4th},
	address = {Cambridge},
	langid = {English},
  keywords={ref}
}

@inbook{panayotou2015,
  booktitle = {A History of Ancient Greek from the Beginnings to Late Antiquity},
	title = {Arcado-Cypriot},
	author = {Panayotou, A.},
	editor = {Christidis, {A. -F.}},
  translator={Markham, Chris},
	year = {2015},
	date = {2015},
	publisher = {Cambridge University Press},
	pages = {417--426},
	volume = {1},
	edition = {4th},
	address = {Cambridge, UK},
	langid = {English},
  keywords={ref}
}

@inbook{panayotou2015a,
  booktitle = {A History of Ancient Greek from the Beginnings to Late Antiquity},
	title = {The Position of the Macedonian Dialect},
	author = {Panayotou, A.},
	editor = {Christidis, {A. -F.}},
  translator={Markham, Chris},
	year = {2015},
	date = {2015},
	publisher = {Cambridge University Press},
	pages = {433--443},
	volume = {1},
	edition = {4th},
	address = {Cambridge, UK},
	langid = {English},
  keywords={ref}
}

@book{ventris2015,
	title = {Documents in Mycenaean Greek: Three Hundred Selected Tablets from Knossos, Pylos and Mycenae with Commentary and Vocabulary},
	author = {Ventris, Michael and Chadwick, John},
	year = {2015},
	date = {2015},
	publisher = {Cambridge University Press},
	edition = {First Paperback Edition},
	note = {OCLC: 910078677},
	address = {Cambridge},
	langid = {eng},
  keywords={ref}
}

@book{beekes2016,
	title = {Etymological Dictionary of Greek},
	author = {Beekes, R. S. P. and {van Beek}, Lucien},
	year = {2016},
	date = {2016},
	publisher = {Brill},
	series = {Leiden Indo-European etymological dictionary series},
	address = {Leiden},
	langid = {grc eng},
  keywords={ref}
}

@inbook{bubenik2017,
  booktitle = {Handbook of Comparative and Historical Indo-European Linguistics},
  chapter = {40},
	title = {The phonology of Greek},
	author = {Bubenik, Vit},
	editor = {Klein, Jared and Joseph, Brian and Fritz, Matthias},
	year = {2017},
	month = {09},
	date = {2017-09-25},
	publisher = {De Gruyter},
	pages = {638--653},
	doi = {10.1515/9783110261288-040},
	url = {https://www.degruyter.com/document/doi/10.1515/9783110261288-040/html},
	note = {DOI: 10.1515/9783110261288-040},
  keywords={ref}
}

@book{fortson2010,
	title = {Indo-european language and culture: an introduction},
	author = {{Fortson IV}, Benjamin W.},
	year = {2010},
	date = {2010},
	publisher = {Wiley-Blackwell},
	series = {Blackwell textbooks in linguistics},
	number = {19},
	edition = {2nd ed},
	note = {OCLC: ocn276406248},
	address = {Chichester, U.K. ; Malden, MA},
  keywords={ref}
}

@book{monro1920,
	title = {Homeri Opera},
	editor = {Monro, D. B. and Allen, T. W.},
	year = {1920},
	date = {1920},
	publisher = {Oxford University Press},
	volume = {2},
	edition = {1},
	url = {http://www.perseus.tufts.edu/hopper/text?doc=Perseus:text:1999.01.0133},
	address = {Oxford},
	langid = {Grc},
  keywords={ref}
}

@book{smyth2013,
	title = {Greek grammar},
	author = {Smyth, Herbert Weir},
	editor = {Messing, Gordon M.},
	year = {2013},
	date = {2013},
	publisher = {Martino Publ},
	address = {Mansfield Centre, Conn},
	langid = {eng gre},
  keywords={ref}
}

@book{sihler2008,
	title = {New Comparative Grammar of Greek and Latin},
	author = {Sihler, Andrew L.},
	year = {2008},
	date = {2008},
	publisher = {Oxford University Press},
	address = {Oxford},
	langid = {eng},
  keywords={ref}
}

@inbook{dosuna2015,
  address={Cambridge, UK},
  edition={4th},
  title={The Doric Dialects},
  volume={1},
  ISBN={978-1-107-12323-6},
  booktitle={A History of Ancient Greek from the Beginnings to Late Antiquity},
  publisher={Cambridge University Press},
  author={Dosuna, {J. Méndez}},
  editor={Christidis, A.-F.},
  year={2015},
  pages={444–459},
  language={English},
  keywords={ref}
}

@inbook{dosuna2015a,
  address={Cambridge, UK},
  edition={4th}, title={The Aeolic Dialects},
  volume={1},
  ISBN={978-1-107-12323-6},
  booktitle={A History of Ancient Greek from the Beginnings to Late Antiquity},
  publisher={Cambridge University Press},
  author={Dosuna, {J. Méndez}},
  editor={Christidis, A.-F.},
  year={2015},
  pages={460--474},
  language={English},
  keywords={ref}
}

@inbook{chadwick2015,
  address={Cambridge, UK},
  edition={4th},
  title={Mycenaean Greek},
  volume={1},
  ISBN={978-1-107-12323-6},
  booktitle={A History of Ancient Greek from the Beginnings to Late Antiquity},
  publisher={Cambridge University Press},
  author={Chadwick, John},
  editor={Christidis, A.-F.},
  year={2015},
  pages={395--404},
  language={English},
  keywords={ref}
}

@inbook{IGVII,
  address={Berlin},
  editor={Dittenberger, Wilhelm},
  title={Inscriptiones Megaridis,
  Oropiae, Boeotiae},
  volume={VII},
  url={https://inscriptions.packhum.org/},
  booktitle={Inscriptiones Graecae},
  publisher={Berlin-Brandenburgische Akademie der Wissenschaften},
  year={1892}
}

@inbook{IGI2,
  address={Berlin},
  editor={{von Gaertringen}, Friedrich Hiller},
  title={Inscriptiones Atticae Euclidis anno (403/2) anteriores},
  volume={I\textsuperscript{2}},
  url={https://inscriptions.packhum.org/},
  booktitle={Inscriptiones Graecae},
  publisher={Berlin-Brandenburgische Akademie der Wissenschaften},
  year={1924}
}

@inbook{IGI3,
  address={Berlin},
	editor={Jeffery, Lilian and Lewis, David},
  title={Inscriptiones Atticae Euclidis anno anteriores},
  volume={I\textsuperscript{3}},
  url={https://inscriptions.packhum.org/},
  booktitle={Inscriptiones Graecae},
  publisher={Berlin-Brandenburgische Akademie der Wissenschaften},
  year={1994}
}

@inbook{IGII2,
  address={Berlin},
  editor={Kirchner, Johannes and Sironen, Ericus},
  title={Inscriptiones Atticae Euclidis anno posteriores},
  volume={II\textsuperscript{2}},
  url={https://inscriptions.packhum.org/},
  booktitle={Inscriptiones Graecae},
  publisher={Berlin-Brandenburgische Akademie der Wissenschaften},
  year={2008}
}

@book{mclean2011,
	title = {An introduction to Greek epigraphy of the Hellenistic and Roman periods from Alexander the Great down to the reign of Constantine (323 B.C. - A.D. 337)},
	author = {McLean, Bradley H.},
	year = {2011},
	date = {2011},
	publisher = {University of Michigan Press},
	address = {Ann Arbor, Mich},
	langid = {eng grc},
  keywords={ref}
}

@book{schwyzer,
  author = {Schwyzer, Eduard},
  address={Hildesheim, DE},
  edition={2},
  title={Dialectorum Graecarum Exempla Epigraphica Potiora},
  publisher={Georg Olms Verlagsbuchhandlung},
  year={1960},
  language={lat, grk},
  keywords={ref}
}

@inbook{Durrbach_1926,
  address={Paris},
  editor={Durrbach, Félix},
  title={Comptes des Hiéropes (nos. 290-371)},
  volume={1},
  url={https://inscriptions.packhum.org/},
  booktitle={Inscriptions de Délos},
  publisher={Honoré Champion},
  year={1926}
}
 
@inbook{Durrbach_1929,
  address={Paris},
  editor={Durrbach, Félix},
  title={Comptes des hiéropes (nos. 372-498); Lois ou Règlements, Contrats d’Entreprises et Devis (nos.   499-509)},
  volume={2},
  url={https://inscriptions.packhum.org/},
  booktitle={Inscriptions de Délos},
  publisher={Honoré Champion},
  year={1929}
}
 
@inbook{Durrbach_Roussel_1935,
  address={Paris},
  editor={Durrbach, Félix and Roussel, Pierre},
  title={Actes des Fonctionnaires Athéniens Préposés à l’Administration des Sanctuaires Après 166 av. J  .-C. (nos. 1400-1479); Fragments d’Actes Divers (nos. 1480-1496)},
  volume={3},
  url={https://inscriptions.packhum.org/},
  booktitle={Inscriptions de Délos},
  publisher={Honoré Champion},
  year={1935}
}

@inbook{Durrbach_Launey_1937a,
  address={Paris},
  editor={Durrbach, Félix and Launey, Marcel},
  title={Décrets Postérieurs à 166 av. J.-C. (nos. 1497-1524).; Dédicaces Postérieures à 166 av. J.-C.   (nos. 1525-2219)},
  volume={4},
  url={https://inscriptions.packhum.org/},
  booktitle={Inscriptions de Délos},
  publisher={Honoré Champion},
  year={1937}
}

@inbook{Durrbach_Launey_1937b,
  address={Paris},
  editor={Durrbach, Félix and Launey, Marcel},
  title={Dédicaces Postérieures à 166 av. J.-C. (nos. 2220-2528);
  Textes Divers, Listes et Catalogues, Fragments Divers Postérieurs à 166 av. J.-C. (nos. 2529-2879)},   volume={5}, url={https://inscriptions.packhum.org/},
  booktitle={Inscriptions de Délos},
  publisher={Honoré Champion},
  year={1937}
}

@periodical{SEG1,
  issuetitle={Supplementum Epigraphicum Graecum},
  title={SEG},
  address={Leiden},
  editor={Hondius, Jacob E.},
  volume={1-11},
  year={1923-1954},
  url={https://inscriptions.packhum.org/}
}

@periodical{SEG2,
  issuetitle={Supplementum Epigraphicum Graecum},
  title={SEG},
  address={Leiden},
  editor={Woodhead, Arthur G.},
  volume={12-25},
  year={1955-1971},
  url={https://inscriptions.packhum.org/}
}

@periodical{SEG3,
  issuetitle={Supplementum Epigraphicum Graecum},
  title={SEG},
  address={Amsterdam},
  editor={Pleket, Henry W. and Stroud, Ronald S.},
  volume={26-41},
  year={1979-1994},
  url={https://inscriptions.packhum.org/}
}

@periodical{SEG3,
  issuetitle={Supplementum Epigraphicum Graecum},
  title={SEG},
  address={Amsterdam},
  editor={Pleket, Henry W. and Stroud, Ronald S. and Strubbe, Johan H.M.},
  volume={42-44},
  year={1995-1997},
  url={https://inscriptions.packhum.org/}
}

@periodical{SEG4,
  issuetitle={Supplementum Epigraphicum Graecum},
  title={SEG},
  address={Amsterdam},
  editor={Pleket, Henry W. and Stroud, Ronald S. and Chaniotis, Angelos and Strubbe, Johan H.M.},
  volume={45-49},
  year={1998-2002},
  url={https://inscriptions.packhum.org/}
}

@periodical{SEG5,
  issuetitle={Supplementum Epigraphicum Graecum},
  title={SEG},
  address={Amsterdam},
  editor={Chaniotis, Angelow and Stroud, Ronald S. and Strubbe, Johan H.M.},
  volume={50-},
  year={2003-},
  url={https://inscriptions.packhum.org/}
}

@book{Petrakos_1997,
  editor={Petrakos, Vasileios},
  address={Athens},
  title={Hoi Epigraphes tou Oropou},
  publisher={Vivliotheke tes en Athenais Archaiologikes Hetaireias},
  year={1997},
  url={https://inscriptions.packhum.org/}
}
