@inbook{karali2015,
  booktitle = {A History of Ancient Greek from the Beginnings to Late Antiquity},
	title = {The Classification of the Ancient Greek Dialects},
	author = {Karali, M.},
	editor = {Christidis, {A. -F.}},
	year = {2015},
	date = {2015},
	publisher = {Cambridge University Press},
	pages = {387--394},
	volume = {1},
	edition = {4th},
	address = {Cambridge},
	langid = {English}
}

@inbook{panayotou2015,
  booktitle = {A History of Ancient Greek from the Beginnings to Late Antiquity},
	title = {Arcado-Cypriot},
	author = {Panayotou, A.},
	editor = {Christidis, {A. -F.}},
	year = {2015},
	date = {2015},
	publisher = {Cambridge University Press},
	pages = {417--426},
	volume = {1},
	edition = {4th},
	address = {Cambridge, UK},
	langid = {English}
}

@inbook{panayotou2015a,
  booktitle = {A History of Ancient Greek from the Beginnings to Late Antiquity},
	title = {The Position of the Macedonian Dialect},
	author = {Panayotou, A.},
	editor = {Christidis, {A. -F.}},
	year = {2015},
	date = {2015},
	publisher = {Cambridge University Press},
	pages = {433--443},
	volume = {1},
	edition = {4th},
	address = {Cambridge, UK},
	langid = {English}
}

@book{ventris2015,
	title = {Documents in Mycenaean Greek: Three Hundred Selected Tablets from Knossos, Pylos and Mycenae with Commentary and Vocabulary},
	author = {Ventris, Michael and Chadwick, John},
	year = {2015},
	date = {2015},
	publisher = {Cambridge University Press},
	edition = {First Paperback Edition},
	note = {OCLC: 910078677},
	address = {Cambridge},
	langid = {eng}
}

@book{beekes2016,
	title = {Etymological Dictionary of Greek},
	author = {Beekes, R. S. P. and {van Beek}, Lucien},
	year = {2016},
	date = {2016},
	publisher = {Brill},
	series = {Leiden Indo-European etymological dictionary series},
	address = {Leiden},
	langid = {grc eng}
}

@inbook{bubenik2017,
  booktitle = {Handbook of Comparative and Historical Indo-European Linguistics},
  chapter = {40},
	title = {The phonology of Greek},
	author = {Bubenik, Vit},
	editor = {Klein, Jared and Joseph, Brian and Fritz, Matthias},
	year = {2017},
	month = {09},
	date = {2017-09-25},
	publisher = {De Gruyter},
	pages = {638--653},
	doi = {10.1515/9783110261288-040},
	url = {https://www.degruyter.com/document/doi/10.1515/9783110261288-040/html},
	note = {DOI: 10.1515/9783110261288-040}
}

@book{fortson2010,
	title = {Indo-european language and culture: an introduction},
	author = {Fortson, Benjamin W.},
	year = {2010},
	date = {2010},
	publisher = {Wiley-Blackwell},
	series = {Blackwell textbooks in linguistics},
	number = {19},
	edition = {2nd ed},
	note = {OCLC: ocn276406248},
	address = {Chichester, U.K. ; Malden, MA}
}

@book{monro1920,
	title = {Homeri Opera},
	editor = {Monro, D. B. and Allen, T. W.},
	year = {1920},
	date = {1920},
	publisher = {Oxford University Press},
	volume = {2},
	edition = {1},
	url = {http://www.perseus.tufts.edu/hopper/text?doc=Perseus:text:1999.01.0133},
	address = {Oxford},
	langid = {Grc}
}

@book{smyth2013,
	title = {Greek grammar},
	author = {Smyth, Herbert Weir},
	editor = {Messing, Gordon M.},
	year = {2013},
	date = {2013},
	publisher = {Martino Publ},
	address = {Mansfield Centre, Conn},
	langid = {eng gre}
}

@book{aeschylus1926,
	title = {Aeschylus, with an English translation by Herbert Weir Smyth, Ph. D. in two volumes.},
	author = {Aeschylus, },
	year = {1926},
	date = {1926},
	publisher = {William Heinemann, Ltd},
	volume = {2},
	url = {http://www.perseus.tufts.edu/hopper/text?doc=Perseus%3Atext%3A1999.01.0007%3Acard%3D264},
	address = {London},
	langid = {grc eng}
}

@book{sihler2008,
	title = {New Comparative Grammar of Greek and Latin},
	author = {Sihler, Andrew L.},
	year = {2008},
	date = {2008},
	publisher = {Oxford University Press},
	address = {Oxford},
	langid = {eng}
}

@inbook{dosuna2015,
  address={Cambridge, UK},
  edition={4th},
  title={The Doric Dialects},
  volume={1},
  ISBN={978-1-107-12323-6},
  booktitle={A History of Ancient Greek from the Beginnings to Late Antiquity},
  publisher={Cambridge University Press},
  author={Dosuna, {J. Méndez}},
  editor={Christidis, A.-F.},
  year={2015},
  pages={444–459},
  language={English}
}

@inbook{dosuna2015a,
  address={Cambridge, UK},
  edition={4th}, title={The Aeolic Dialects},
  volume={1},
  ISBN={978-1-107-12323-6},
  booktitle={A History of Ancient Greek from the Beginnings to Late Antiquity},
  publisher={Cambridge University Press},
  author={Dosuna, {J. Méndez}},
  editor={Christidis, A.-F.},
  year={2015},
  pages={460--474},
  language={English}
}

@inbook{chadwick2015,
  address={Cambridge, UK},
  edition={4th},
  title={Mycenaean Greek},
  volume={1},
  ISBN={978-1-107-12323-6},
  booktitle={A History of Ancient Greek from the Beginnings to Late Antiquity},
  publisher={Cambridge University Press},
  author={Chadwick, J.},
  editor={Christidis, A.-F.},
  year={2015},
  pages={395--404},
  language={English}
}

@book{IGVII,
  address={Berlin},
	editor = {Dittenberger, Wilhelm}, 
  series={Inscriptiones Graecae},
  title={Inscriptiones Megaridis, Oropiae, Boeotiae},
  volume={VII},
  url={https://inscriptions.packhum.org/},
  publisher={Berlin-Brandenburgische Akademie der Wissenschaften},
  year={1892},
  collection={Inscriptiones Graecae}
}

@book{IGI2,
  address={Berlin},
  edition={2},
  editor = {{von Gaertringen}, Friedrich Hiller},
  series={Inscriptiones Graecae},
  title={Inscriptiones Atticae Euclidis anno (403/2) anteriores},
  volume={I},
  url={https://inscriptions.packhum.org/},
  publisher={Berlin-Brandenburgische Akademie der Wissenschaften},
  year={1924},
  collection={Inscriptiones Graecae}
}

@book{IGI3,
  address={Berlin},
  edition={3},
	editor = {Jeffery, Lilian and Lewis, David},
  series={Inscriptiones Graecae},
  title={Inscriptiones Atticae Euclidis anno anteriores},
  volume={I},
  url={https://inscriptions.packhum.org/},
  publisher={Berlin-Brandenburgische Akademie der Wissenschaften},
  year={1994},
  collection={Inscriptiones Graecae}
}

@book{IGII2,
  address={Berlin},
  edition={2},
	editor = {Kirchner, Johannes and Sironen, Ericus},
  series={Inscriptiones Graecae},
  title={Inscriptiones Atticae Euclidis anno posteriores},
  volume={II},
  url={https://inscriptions.packhum.org/},
  publisher={Berlin-Brandenburgische Akademie der Wissenschaften},
  year={2008},
  collection={Inscriptiones Graecae}
}

@book{mclean2011,
	title = {An introduction to Greek epigraphy of the Hellenistic and Roman periods from Alexander the Great down to the reign of Constantine (323 B.C. - A.D. 337)},
	author = {McLean, Bradley H.},
	year = {2011},
	date = {2011},
	publisher = {University of Michigan Press},
	address = {Ann Arbor, Mich},
	langid = {eng grc}
}
